<record xmlns="http://www.loc.gov/MARC21/slim" xmlns:xsi="http://www.w3.org/2001/XMLSchema-instance" xsi:schemaLocation="http://www.loc.gov/MARC21/slim http://www.loc.gov/standards/marcxml/schema/MARC21slim.xsd">

  <leader>01280nam a2200265Ia 4500</leader>
  <datafield tag="999" ind1=" " ind2=" ">
    <subfield code="c">2196</subfield>
    <subfield code="d">2196</subfield>
  </datafield>
  <controlfield tag="008">150812b1997    cr ||||| |||| 00| | spa d</controlfield>
  <datafield ind2=" " ind1=" " tag="090">
    <subfield code="a">16.01.01 </subfield>
    <subfield code="b">292 CD #101</subfield>
  </datafield>
  <datafield tag="110" ind2=" " ind1="2">
    <subfield code="a">Programa Estado de la Nación en Desarrollo Humano Sostenible</subfield>
    <subfield code="9">1382</subfield>
  </datafield>
  <datafield tag="245" ind1="1" ind2="0">
    <subfield code="a">Estado de La Nación en desarrollo humano sostenible : un análisis amplio y objetivo de la Costa Rica que tenemos a partir de los indicadores más actuales / </subfield>
    <subfield code="c">Proyecto Estado de la Nación</subfield>
  </datafield>
  <datafield tag="260" ind1=" " ind2=" ">
    <subfield code="a">San José, Costa Rica : </subfield>
    <subfield code="b">El Proyecto, </subfield>
    <subfield code="c">1997-</subfield>
  </datafield>
  <datafield tag="300" ind2=" " ind1=" ">
    <subfield code="a">volúmenes</subfield>
  </datafield>
  <datafield tag="500" ind1=" " ind2=" ">
    <subfield code="a">El Centro Posee Los Informes N° 1, 2,3, 4, 5, 6, 7, 8, 9 ,10, 11, 12, 13,14,15, 16, 17, 18, 19 y  algunos resúmenes.  Además de los Módulos para educación primaria y secundaria y el proyecto Estado de la Nación, con la lista de publicaciones.El 11 Informe se encuentra en CD </subfield>
  </datafield>
  <datafield ind1="1" ind2="4" tag="650">
    <subfield code="a">DESARROLLO  SOSTENIBLE</subfield>
    <subfield code="9">443</subfield>
  </datafield>
  <datafield tag="650" ind1="1" ind2="4">
    <subfield code="a">DESARROLLO ECONÓMICO Y SOCIAL</subfield>
    <subfield code="9">445</subfield>
  </datafield>
  <datafield ind2="4" ind1="1" tag="650">
    <subfield code="a">DEMOCRACIA</subfield>
    <subfield code="9">589</subfield>
  </datafield>
  <datafield ind2="4" ind1="1" tag="650">
    <subfield code="a">EQUIDAD</subfield>
    <subfield code="9">343</subfield>
  </datafield>
  <datafield ind1="1" ind2="4" tag="650">
    <subfield code="9">772</subfield>
    <subfield code="a">ESPERANZA DE VIDA</subfield>
  </datafield>
  <datafield tag="650" ind1="1" ind2="4">
    <subfield code="a">MORTALIDAD INFANTIL</subfield>
    <subfield code="9">790</subfield>
  </datafield>
  <datafield tag="650" ind2="4" ind1="1">
    <subfield code="a">MOVILIDAD SOCIAL</subfield>
    <subfield code="9">791</subfield>
  </datafield>
  <datafield ind1="1" ind2="4" tag="650">
    <subfield code="a">MEDIO AMBIENTE</subfield>
    <subfield code="9">792</subfield>
  </datafield>
  <datafield tag="650" ind2="4" ind1="1">
    <subfield code="a">CONTAMINACIÓN</subfield>
    <subfield code="9">793</subfield>
  </datafield>
  <datafield tag="650" ind2="4" ind1="1">
    <subfield code="a">INDICADORES ECONÓMICOS</subfield>
    <subfield code="9">794</subfield>
  </datafield>
  <datafield tag="650" ind1="1" ind2="4">
    <subfield code="a">INDICADORES SOCIALES</subfield>
    <subfield code="9">795</subfield>
  </datafield>
  <datafield ind1=" " ind2=" " tag="942">
    <subfield code="2">z</subfield>
    <subfield code="c">01</subfield>
  </datafield>
</record>